{"ts": "2025-10-02T15:03:52.206933+00:00", "msg": {"e": "forceOrder", "E": 1759417432058, "o": {"s": "SOLUSDT", "S": "SELL", "o": "LIMIT", "f": "IOC", "q": "41.87", "p": "221.6800", "ap": "222.7200", "X": "FILLED", "l": "41.87", "z": "41.87", "T": 1759417432056}}}
{"ts": "2025-10-02T15:03:52.329594+00:00", "msg": {"e": "forceOrder", "E": 1759417432182, "o": {"s": "EIGENUSDT", "S": "SELL", "o": "LIMIT", "f": "IOC", "q": "539.2", "p": "1.6114000", "ap": "1.6268000", "X": "FILLED", "l": "535.8", "z": "539.2", "T": 1759417432180}}}
{"ts": "2025-10-02T15:03:52.539944+00:00", "msg": {"e": "forceOrder", "E": 1759417432376, "o": {"s": "AVAXUSDT", "S": "SELL", "o": "LIMIT", "f": "IOC", "q": "50", "p": "29.4190", "ap": "29.5640", "X": "FILLED", "l": "50", "z": "50", "T": 1759417432375}}}
{"ts": "2025-10-02T15:03:53.553412+00:00", "msg": {"e": "forceOrder", "E": 1759417433393, "o": {"s": "MOODENGUSDT", "S": "SELL", "o": "LIMIT", "f": "IOC", "q": "1130", "p": "0.1528100", "ap": "0.1543294", "X": "FILLED", "l": "66", "z": "1130", "T": 1759417433392}}}
{"ts": "2025-10-02T15:03:53.570444+00:00", "msg": {"e": "forceOrder", "E": 1759417433405, "o": {"s": "AVAXUSDT", "S": "SELL", "o": "LIMIT", "f": "IOC", "q": "1", "p": "29.4170", "ap": "29.5520", "X": "FILLED", "l": "1", "z": "1", "T": 1759417433402}}}
{"ts": "2025-10-02T15:03:53.570783+00:00", "msg": {"e": "forceOrder", "E": 1759417433405, "o": {"s": "ENAUSDT", "S": "SELL", "o": "LIMIT", "f": "IOC", "q": "1", "p": "0.6070000", "ap": "0.6130000", "X": "FILLED", "l": "1", "z": "1", "T": 1759417433402}}}
{"ts": "2025-10-02T15:03:53.570783+00:00", "msg": {"e": "forceOrder", "E": 1759417433405, "o": {"s": "SOMIUSDT", "S": "SELL", "o": "LIMIT", "f": "IOC", "q": "2", "p": "0.8029000", "ap": "0.8110000", "X": "FILLED", "l": "2", "z": "2", "T": 1759417433402}}}
{"ts": "2025-10-02T15:03:53.637419+00:00", "msg": {"e": "forceOrder", "E": 1759417433476, "o": {"s": "BABYUSDT", "S": "SELL", "o": "LIMIT", "f": "IOC", "q": "156", "p": "0.0483300", "ap": "0.0488100", "X": "FILLED", "l": "53", "z": "156", "T": 1759417433474}}}
{"ts": "2025-10-02T15:03:54.450605+00:00", "msg": {"e": "forceOrder", "E": 1759417434282, "o": {"s": "SOLUSDT", "S": "SELL", "o": "LIMIT", "f": "IOC", "q": "10.00", "p": "221.6700", "ap": "222.7200", "X": "FILLED", "l": "10.00", "z": "10.00", "T": 1759417434279}}}
{"ts": "2025-10-02T15:03:54.520751+00:00", "msg": {"e": "forceOrder", "E": 1759417434353, "o": {"s": "SOLUSDC", "S": "SELL", "o": "LIMIT", "f": "IOC", "q": "46.91", "p": "221.8200", "ap": "222.8400", "X": "FILLED", "l": "4.89", "z": "46.91", "T": 1759417434351}}}
{"ts": "2025-10-02T15:03:54.832132+00:00", "msg": {"e": "forceOrder", "E": 1759417434675, "o": {"s": "AVAXUSDT", "S": "SELL", "o": "LIMIT", "f": "IOC", "q": "163", "p": "29.4130", "ap": "29.5560", "X": "FILLED", "l": "4", "z": "163", "T": 1759417434671}}}
{"ts": "2025-10-02T15:03:55.405514+00:00", "msg": {"e": "forceOrder", "E": 1759417435249, "o": {"s": "BLESSUSDT", "S": "BUY", "o": "LIMIT", "f": "IOC", "q": "14622", "p": "0.0251230", "ap": "0.0247936", "X": "FILLED", "l": "6274", "z": "14622", "T": 1759417435244}}}
{"ts": "2025-10-02T15:03:55.421724+00:00", "msg": {"e": "forceOrder", "E": 1759417435264, "o": {"s": "AIOUSDT", "S": "SELL", "o": "LIMIT", "f": "IOC", "q": "6653", "p": "0.1379900", "ap": "0.1387394", "X": "FILLED", "l": "311", "z": "6653", "T": 1759417435261}}}
{"ts": "2025-10-02T15:03:55.851179+00:00", "msg": {"e": "forceOrder", "E": 1759417435695, "o": {"s": "ETHUSDT", "S": "SELL", "o": "LIMIT", "f": "IOC", "q": "0.913", "p": "4338.01", "ap": "4356.40", "X": "FILLED", "l": "0.913", "z": "0.913", "T": 1759417435693}}}
{"ts": "2025-10-02T15:03:55.878771+00:00", "msg": {"e": "forceOrder", "E": 1759417435717, "o": {"s": "SOLUSDT", "S": "SELL", "o": "LIMIT", "f": "IOC", "q": "57.22", "p": "221.6300", "ap": "222.7900", "X": "FILLED", "l": "57.22", "z": "57.22", "T": 1759417435714}}}
{"ts": "2025-10-02T15:03:55.916020+00:00", "msg": {"e": "forceOrder", "E": 1759417435754, "o": {"s": "1000FLOKIUSDT", "S": "SELL", "o": "LIMIT", "f": "IOC", "q": "5361", "p": "0.0823824", "ap": "0.0832300", "X": "FILLED", "l": "5361", "z": "5361", "T": 1759417435751}}}
{"ts": "2025-10-02T15:03:55.916020+00:00", "msg": {"e": "forceOrder", "E": 1759417435754, "o": {"s": "1000CATUSDT", "S": "SELL", "o": "LIMIT", "f": "IOC", "q": "38856", "p": "0.0074074", "ap": "0.0074800", "X": "FILLED", "l": "1232", "z": "38856", "T": 1759417435751}}}
{"ts": "2025-10-02T15:03:55.921409+00:00", "msg": {"e": "forceOrder", "E": 1759417435754, "o": {"s": "1000PEPEUSDT", "S": "SELL", "o": "LIMIT", "f": "IOC", "q": "62254", "p": "0.0097056", "ap": "0.0097750", "X": "FILLED", "l": "5590", "z": "62254", "T": 1759417435751}}}
{"ts": "2025-10-02T15:03:55.922363+00:00", "msg": {"e": "forceOrder", "E": 1759417435754, "o": {"s": "ENAUSDT", "S": "SELL", "o": "LIMIT", "f": "IOC", "q": "1539", "p": "0.6069657", "ap": "0.6133000", "X": "FILLED", "l": "1539", "z": "1539", "T": 1759417435751}}}
{"ts": "2025-10-02T15:03:55.922714+00:00", "msg": {"e": "forceOrder", "E": 1759417435754, "o": {"s": "WIFUSDT", "S": "SELL", "o": "LIMIT", "f": "IOC", "q": "158.6", "p": "0.7501070", "ap": "0.7578000", "X": "FILLED", "l": "158.6", "z": "158.6", "T": 1759417435751}}}
{"ts": "2025-10-02T15:03:55.922714+00:00", "msg": {"e": "forceOrder", "E": 1759417435758, "o": {"s": "ETHUSDC", "S": "SELL", "o": "LIMIT", "f": "IOC", "q": "11.190", "p": "4341.10", "ap": "4359.88", "X": "FILLED", "l": "2.746", "z": "11.190", "T": 1759417435755}}}
{"ts": "2025-10-02T15:03:56.435734+00:00", "msg": {"e": "forceOrder", "E": 1759417436272, "o": {"s": "AVAXUSDT", "S": "SELL", "o": "LIMIT", "f": "IOC", "q": "80", "p": "29.4100", "ap": "29.5690", "X": "FILLED", "l": "5", "z": "80", "T": 1759417436268}}}
{"ts": "2025-10-02T15:03:56.909873+00:00", "msg": {"e": "forceOrder", "E": 1759417436740, "o": {"s": "AIOUSDT", "S": "SELL", "o": "LIMIT", "f": "IOC", "q": "39", "p": "0.1375900", "ap": "0.1396300", "X": "FILLED", "l": "39", "z": "39", "T": 1759417436737}}}
{"ts": "2025-10-02T15:03:58.392076+00:00", "msg": {"e": "forceOrder", "E": 1759417438234, "o": {"s": "DASHUSDT", "S": "SELL", "o": "LIMIT", "f": "IOC", "q": "1.240", "p": "35.08", "ap": "35.32", "X": "FILLED", "l": "0.267", "z": "1.240", "T": 1759417438233}}}
{"ts": "2025-10-02T15:03:58.975038+00:00", "msg": {"e": "forceOrder", "E": 1759417438804, "o": {"s": "AIOUSDT", "S": "SELL", "o": "LIMIT", "f": "IOC", "q": "701", "p": "0.1374900", "ap": "0.1395725", "X": "FILLED", "l": "286", "z": "701", "T": 1759417438800}}}
{"ts": "2025-10-02T15:04:00.573383+00:00", "msg": {"e": "forceOrder", "E": 1759417440410, "o": {"s": "DASHUSDT", "S": "SELL", "o": "LIMIT", "f": "IOC", "q": "3.684", "p": "35.02", "ap": "35.32", "X": "FILLED", "l": "2.651", "z": "3.684", "T": 1759417440407}}}
{"ts": "2025-10-02T15:04:01.399243+00:00", "msg": {"e": "forceOrder", "E": 1759417441240, "o": {"s": "AIAUSDT", "S": "SELL", "o": "LIMIT", "f": "IOC", "q": "5645", "p": "0.8637400", "ap": "0.8733763", "X": "FILLED", "l": "476", "z": "5645", "T": 1759417441235}}}
{"ts": "2025-10-02T15:04:02.671746+00:00", "msg": {"e": "forceOrder", "E": 1759417442518, "o": {"s": "AIAUSDT", "S": "SELL", "o": "LIMIT", "f": "IOC", "q": "100", "p": "0.8618000", "ap": "0.8719000", "X": "FILLED", "l": "100", "z": "100", "T": 1759417442515}}}
{"ts": "2025-10-02T23:17:09.226970+00:00", "msg": {"e": "forceOrder", "E": 1759447030483, "o": {"s": "AIAUSDT", "S": "BUY", "o": "LIMIT", "f": "IOC", "q": "63", "p": "2.2491900", "ap": "2.2436500", "X": "FILLED", "l": "63", "z": "63", "T": 1759447030479}}}
{"ts": "2025-10-02T23:17:11.862768+00:00", "msg": {"e": "forceOrder", "E": 1759447033114, "o": {"s": "ENAUSDT", "S": "SELL", "o": "LIMIT", "f": "IOC", "q": "15176", "p": "0.6191000", "ap": "0.6251544", "X": "FILLED", "l": "924", "z": "15176", "T": 1759447033113}}}
{"ts": "2025-10-02T23:17:15.907444+00:00", "msg": {"e": "forceOrder", "E": 1759447037162, "o": {"s": "HEMIUSDT", "S": "SELL", "o": "LIMIT", "f": "IOC", "q": "321", "p": "0.0897780", "ap": "0.0911863", "X": "FILLED", "l": "280", "z": "321", "T": 1759447037159}}}
{"ts": "2025-10-02T23:17:32.247998+00:00", "msg": {"e": "forceOrder", "E": 1759447053503, "o": {"s": "AIAUSDT", "S": "BUY", "o": "LIMIT", "f": "IOC", "q": "223", "p": "2.2847200", "ap": "2.2605983", "X": "FILLED", "l": "186", "z": "223", "T": 1759447053502}}}
{"ts": "2025-10-02T23:17:34.274090+00:00", "msg": {"e": "forceOrder", "E": 1759447055491, "o": {"s": "AIAUSDT", "S": "BUY", "o": "LIMIT", "f": "IOC", "q": "1000", "p": "2.2858900", "ap": "2.2670833", "X": "FILLED", "l": "168", "z": "1000", "T": 1759447055488}}}
{"ts": "2025-10-02T23:17:35.377735+00:00", "msg": {"e": "forceOrder", "E": 1759447056629, "o": {"s": "AIAUSDT", "S": "BUY", "o": "LIMIT", "f": "IOC", "q": "4568", "p": "2.2967600", "ap": "2.2683409", "X": "FILLED", "l": "213", "z": "4568", "T": 1759447056627}}}
{"ts": "2025-10-02T23:17:36.387028+00:00", "msg": {"e": "forceOrder", "E": 1759447057632, "o": {"s": "AIAUSDT", "S": "BUY", "o": "LIMIT", "f": "IOC", "q": "323", "p": "2.2946000", "ap": "2.2659300", "X": "FILLED", "l": "155", "z": "323", "T": 1759447057629}}}
{"ts": "2025-10-02T23:17:48.400661+00:00", "msg": {"e": "forceOrder", "E": 1759447069659, "o": {"s": "AIAUSDT", "S": "BUY", "o": "LIMIT", "f": "IOC", "q": "3", "p": "2.2997600", "ap": "2.2762900", "X": "FILLED", "l": "3", "z": "3", "T": 1759447069655}}}
{"ts": "2025-10-02T23:17:49.810361+00:00", "msg": {"e": "forceOrder", "E": 1759447071062, "o": {"s": "AIAUSDT", "S": "BUY", "o": "LIMIT", "f": "IOC", "q": "26", "p": "2.3070400", "ap": "2.2826400", "X": "FILLED", "l": "26", "z": "26", "T": 1759447071059}}}
{"ts": "2025-10-02T23:17:49.972024+00:00", "msg": {"e": "forceOrder", "E": 1759447071230, "o": {"s": "BTCUSDT", "S": "SELL", "o": "LIMIT", "f": "IOC", "q": "0.001", "p": "120024.50", "ap": "120476.20", "X": "FILLED", "l": "0.001", "z": "0.001", "T": 1759447071227}}}
{"ts": "2025-10-02T23:17:50.880004+00:00", "msg": {"e": "forceOrder", "E": 1759447072137, "o": {"s": "AIAUSDT", "S": "BUY", "o": "LIMIT", "f": "IOC", "q": "92", "p": "2.3115800", "ap": "2.2789400", "X": "FILLED", "l": "92", "z": "92", "T": 1759447072131}}}
{"ts": "2025-10-02T23:17:55.211014+00:00", "msg": {"e": "forceOrder", "E": 1759447076469, "o": {"s": "AIAUSDT", "S": "BUY", "o": "LIMIT", "f": "IOC", "q": "22", "p": "2.3133200", "ap": "2.2766100", "X": "FILLED", "l": "22", "z": "22", "T": 1759447076466}}}
{"ts": "2025-10-02T23:17:57.353695+00:00", "msg": {"e": "forceOrder", "E": 1759447078610, "o": {"s": "BTCUSDT", "S": "BUY", "o": "LIMIT", "f": "IOC", "q": "0.001", "p": "120963.50", "ap": "120493.10", "X": "FILLED", "l": "0.001", "z": "0.001", "T": 1759447078607}}}
{"ts": "2025-10-02T23:18:03.971085+00:00", "msg": {"e": "forceOrder", "E": 1759447085224, "o": {"s": "DEXEUSDT", "S": "SELL", "o": "LIMIT", "f": "IOC", "q": "4.10", "p": "12.194000", "ap": "12.371000", "X": "FILLED", "l": "2.13", "z": "4.10", "T": 1759447085222}}}
